<?xml version="1.0" encoding="UTF-8"?><collection xmlns="http://www.loc.gov/MARC21/slim"><record><leader>00555nam--2200193-i-4500</leader><controlfield tag="001">000041734</controlfield><controlfield tag="002">20161230</controlfield><controlfield tag="005">20161230201043</controlfield><controlfield tag="008">060222s1000------------r-----000-0-rum-d</controlfield><datafield ind1=" " ind2=" " tag="040"><subfield code="a">IFIN-HH</subfield></datafield><datafield ind1=" " ind2=" " tag="041"><subfield code="a">rum</subfield></datafield><datafield ind1=" " ind2=" " tag="080"><subfield code="a">539.166(043)</subfield></datafield><datafield ind1=" " ind2="1" tag="100"><subfield code="a">Sirbu, Mihai V</subfield></datafield><datafield ind1="1" ind2="0" tag="245"><subfield code="a">Contributii la determinarea radioactivitatii gama in regim dinamic</subfield><subfield code="b">Teza</subfield><subfield code="c">Mihai v. sirbu</subfield></datafield><datafield ind1=" " ind2=" " tag="260"><subfield code="a">Bucuresti</subfield><subfield code="b">Ifin</subfield><subfield code="c">1979</subfield></datafield><datafield ind1=" " ind2=" " tag="300"><subfield code="a">172 P</subfield></datafield><datafield ind1=" " ind2=" " tag="502"><subfield code="a">Conducator Stiintific: Dr. Ing. Paul Draghicescu</subfield></datafield><datafield ind1=" " ind2=" " tag="852"><subfield code="a">73949</subfield><subfield code="c">539.143.43</subfield></datafield><datafield ind1=" " ind2=" " tag="CAT"><subfield code="a">Sys</subfield><subfield code="c">20120511</subfield><subfield code="h">174858</subfield></datafield></record></collection>